% Encoding: UTF-8

@Article{Parodi2015,
  author    = {Katia Parodi},
  title     = {Vision 20/20: Positron emission tomography in radiation therapy planning, delivery, and monitoring},
  journal   = {Medical Physics},
  year      = {2015},
  volume    = {42},
  number    = {12},
  pages     = {7153--7168},
  month     = {dec},
  doi       = {10.1118/1.4935869},
  publisher = {Wiley-Blackwell},
}

@Article{Raylman2018,
  author    = {Raymond R. Raylman and Will Van Kampen and Alexander V. Stolin and Wenbo Gong and Gangadhar Jaliparthi and Peter F. Martone and Mark F. Smith and David Sarment and Neal H. Clinthorne and Mark Perna},
  title     = {A dedicated breast-{PET}/{CT} scanner: Evaluation of basic performance characteristics},
  journal   = {Medical Physics},
  year      = {2018},
  volume    = {45},
  number    = {4},
  pages     = {1603--1613},
  month     = {feb},
  doi       = {10.1002/mp.12780},
  publisher = {Wiley},
}

@Article{Su2017,
  author    = {Hao Su and Iulian I. Iordachita and Junichi Tokuda and Nobuhiko Hata and Xuan Liu and Reza Seifabadi and Sheng Xu and Bradford Wood and Gregory S. Fischer},
  title     = {Fiber-Optic Force Sensors for {MRI}-Guided Interventions and Rehabilitation: A Review},
  journal   = {{IEEE} Sensors Journal},
  year      = {2017},
  volume    = {17},
  number    = {7},
  pages     = {1952--1963},
  month     = {apr},
  doi       = {10.1109/jsen.2017.2654489},
  publisher = {Institute of Electrical and Electronics Engineers ({IEEE})},
}

@Article{Chandrasekaran2018,
  author    = {Aravindan Chandrasekaran},
  title     = {Neonatal solid tumors},
  journal   = {Pediatrics {\&} Neonatology},
  year      = {2018},
  volume    = {59},
  number    = {1},
  pages     = {65--70},
  month     = {feb},
  doi       = {10.1016/j.pedneo.2016.12.007},
  publisher = {Elsevier {BV}},
}

@Article{Moreno-Duarte2014,
  author    = {Ingrid Moreno-Duarte and Leslie R. Morse and Mahtab Alam and Marom Bikson and Ross Zafonte and Felipe Fregni},
  title     = {Targeted therapies using electrical and magnetic neural stimulation for the treatment of chronic pain in spinal cord injury},
  journal   = {{NeuroImage}},
  year      = {2014},
  volume    = {85},
  pages     = {1003--1013},
  month     = {jan},
  doi       = {10.1016/j.neuroimage.2013.05.097},
  publisher = {Elsevier {BV}},
}

@Comment{jabref-meta: databaseType:bibtex;}
